% You don't have to leave blank fields, but it doesn't hurt.
% We've left them here to show you what you can enter.

@article{Gauss1827,
  author =  {C. F. Gauss},
  title =   {Disquisitiones generales circa superficies curvas},
  journal = {Commentationes Societatis Regiae Scientiarum Gottingesis Recentiores},
  year =    {1827},
  volume =  {6},
  pages =   {99-146},
}

@article{encyclopediaofmath,
  author =  {A. V. Pogorelov},
  title =   {Differential geometry},
  journal = {\href{http://www.encyclopediaofmath.org/index.php?title=Differential_geometry\&oldid=11521}{\url{http://www.encyclopediaofmath.org/index.php?title=Differential_geometry&oldid=11521}}},
  year =    {Accessed September 11, 2018}
}

@article{Mathonline,
  author =  {},
  title =   {Nonzero Jacobian Determinants of Differentiable Functions from Rn to Rn},
  journal = {\href{http://mathonline.wikidot.com/nonzero-jacobian-determinants-of-differentiable-functions-fr}{\url{http://mathonline.wikidot.com/nonzero-jacobian-determinants-of-differentiable-functions-fr}}},
  year =    {Accessed October 7, 2018}
}

@article{MIT,
  author =  {},
  title =   {The First Fundamental Form},
  journal = {\href{http://web.mit.edu/hyperbook/Patrikalakis-Maekawa-Cho/node28.html}{\url{http://web.mit.edu/hyperbook/Patrikalakis-Maekawa-Cho/node28.html}}},
  year =    {Accessed October 13, 2018}
}



@article{Weisstein,
  author =  {E. Weisstein},
  title =   {First Fundamental Form},
  journal = {\href{http://mathworld.wolfram.com/FirstFundamentalForm.html}{\url{http://mathworld.wolfram.com/FirstFundamentalForm.html}}},
  year =    {Accessed September 14, 2018}
}

@article{Rogers2011,
  author =  {M. Rogers},
  title =   {Gauss Map and Curvature},
  journal = {\href{http://demonstrations.wolfram.com/GaussMapAndCurvature/}{\url{http://demonstrations.wolfram.com/GaussMapAndCurvature/}}},
  year =    {Accessed October 12, 2018}
}

@article{Weisstein1,
  author =  {E. Weisstein},
  title =   {Second Fundamental Form},
  journal = {\href{http://mathworld.wolfram.com/SecondFundamentalForm.html}{\url{http://mathworld.wolfram.com/SecondFundamentalForm.html}}},
  year =    {Accessed October 4, 2018}
}


@book{Marriott2000,
  author =    {P. Marriott, M. Salmon},
  editor =    {},
  title =     {Applications of Differential Geometry to Econometrics},
  publisher = {Cambridge University Press},
  year =      {2000},
  volume =    {},
  number =    {},
  series =    {},
  address =   {},
  edition =   {},
  month =     {},
}

@book{DC1976,
  author =    {M. P. do Carmo},
  editor =    {},
  title =     {Differential Geometry of Curves and Surfaces},
  publisher = {Prentice-Hall},
  year =      {1976},
  volume =    {},
  number =    {},
  series =    {},
  address =   {},
  edition =   {illustrated},
  month =     {},
}

@article{Shifrin2016,
  author =  {T. Shifrin},
  title =   {Differntial Geometry},
  journal = {},
  year =    {2016},
  volume =  {1},
  pages =   {1; 10-11; 35-41; 44-53; 66},
}



@article{Micheli2008,
  author =  {M. Micheli},
  title =   { The Differential Geometry of Landmark Shape Manifolds: Metrics, Geodesics, and Curvature},
  journal = {},
  year =    {May 2008}
}

@article{Waner,
  author =  {S. Waner},
  title =   { Introduction to Differential Geometry and General Relativity},
  journal = {},
  year =    {Accessed October 30, 2018}
}


@inproceedings{Manton2005,
  author =       {J. H. Manton},
  title =        {On the role of differential geometry in signal processing},
  booktitle =    {Proceedings. (ICASSP '05). IEEE International Conference on Acoustics, Speech, and Signal Processing, 2005.},
  year =         {2005},
  editor =       {},
  volume =       {},
  number =       {},
  series =       {},
  pages =        {},
  address =      {Philadelphia},
  month =        {March},
  organization = {IEEE},
  publisher =    {IEEE},
}

